@online{dataset,
    author = {rfordatascience},
    title  = {A weekly social data project in R},
    urldate   = {2022-12-12},
    url    = {https://github.com/rfordatascience/tidytuesday/tree/master/data/2019/2019-01-29}
}

@article{Bergmann2015Seasonal,
    author = {Bergmann, D. and O\textquoteright{}Connor, D. and Th{\" u}mmel, A.},
    journal = {British Food Journal},
    number = {12},
    year = {2015},
    month = {dec 7},
    pages = {2899--2913},
    publisher = {Emerald},
    title = {Seasonal and cyclical behaviour of farm gate milk prices},
    volume = {117},
}


@article{Nicholson2015Milk,
    author = {Nicholson, C. F. and Stephenson, M. W.},
    journal = {Agribusiness},
    number = {4},
    year = {2015},
    month = {apr 9},
    pages = {507--520},
    publisher = {Wiley},
    title = {Milk {Price} {Cycles} in the {U}.{S}. {Dairy} {Supply} {Chain} and {Their} {Management} {Implications}},
    volume = {31},
}


@article{Nieto2014Bayesian,
    author = {Nieto-Barajas, L. E. and Contreras-Crist{\' a}n, A.},
    journal = {Bayesian Analysis},
    number = {1},
    year = {2014},
    month = {mar 1},
    publisher = {Institute of Mathematical Statistics},
    title = {A {Bayesian} {Nonparametric} {Approach} for {Time} {Series} {Clustering}},
    volume = {9},
}

@online{2014_export,
author = {John Geuss},
title = {US dairy producer milk prices hit record high! But why?},
year = {2014},
month = {March 2014},
url = {https://www.dairyreporter.com/Article/2014/03/11/US-dairy-producer-milk-prices-hit-record-high!-But-why.htm}
}

@online{2012_Drought,
    author = {Producer Price Index program staff},
    title  = {Will the 2012 drought have a bigger impact on grocery prices than the 1988 drought?},
    year = {2012},
    month = {nov 13},
    url    = {https://www.bls.gov/opub/btn/volume-1/will-the-2012-drought-have-a-bigger-impact-on-grocery-prices-than-the-1988-drought.htm}
}

@online{Russia_ban,
    author = {Jennifer Rankin},
    title  = {Russia responds to sanctions by banning western food imports},
    year = {2014},
    month = {aug 7},
    url    = {https://www.theguardian.com/world/2014/aug/07/russia-retaliates-western-sanctions-ban-food-imports}
}

@online{Trends_chees,
    author = {Jeanine Bentley},
    title  = {Trends in U.S. Per Capita Consumption of Dairy Products, 1970-2012},
    year = {2014},
    month = {jun 2},
    url    = {https://www.ers.usda.gov/amber-waves/2014/june/trends-in-u-s-per-capita-consumption-of-dairy-products-1970-2012/}
}

@online{spatial_data,
    author = {United States Department of Agriculture},
    title  = {The Quick Stats Database},
    year = {2019},
    month = {apr},
    url    = {https://www.nass.usda.gov/Quick_Stats/index.php}
}


@online{spatial_data_population,
    author = {United States Census Bureau},
    url    = {https://www2.census.gov/programs-surveys/popest/datasets/}
}


@online{npsp,
    author = {Ruben Fernandez-Casal},
    title  = {Introduction to the npsp Package},
    year = {2021},
    url    = {https://rubenfcasal.github.io/npsp/articles/npsp.html}
}

@online{chu,
    author = {C.-K. Chu, J. S. Marron},
    title  = {Comparison of Two Bandwidth Selectors with Dependent Errors},
    year = {1991},
    url    = {https://projecteuclid.org/journals/annals-of-statistics/volume-19/issue-4/Comparison-of-Two-Bandwidth-Selectors-with-Dependent-Errors/10.1214/aos/1176348377.full}
}

@online{casal,
    author = {Fernantez Casal, Fernandez Francisco},
    title  = {Nonparametric geostatistical risk mapping},
    year = {2014},
    url    = {https://aisberg.unibg.it/handle/10446/31696}
}

@online{shapiro,
    author = {A. Shapiro, J.D. Botha},
    title  = {Variogram fitting with a general class of conditionally nonnegative definite functions},
    year = {1991},
    url    = {https://www.sciencedirect.com/science/article/abs/pii/0167947391900557?via\%3Dihub}
}